<record><leader>00000cas a22000007a 4500</leader><controlfield tag="001">10871115</controlfield><controlfield tag="008">840621d18971907nyuwr ne      0    0eng d</controlfield><datafield ind1=" " ind2=" " tag="010"><subfield code="a">sn 84031158 </subfield></datafield><datafield ind1=" " ind2=" " tag="040"><subfield code="a">NYG</subfield><subfield code="b">eng</subfield><subfield code="c">NYG</subfield><subfield code="d">NPX</subfield><subfield code="d">NYS</subfield><subfield code="d">OCLCQ</subfield></datafield><datafield ind1=" " ind2=" " tag="042"><subfield code="a">msc</subfield></datafield><datafield ind1="0" ind2="4" tag="245"><subfield code="a">The Ravena news.</subfield></datafield><datafield ind1=" " ind2=" " tag="260"><subfield code="a">Ravena, N.Y. :</subfield><subfield code="b">[William H. Becker],</subfield><subfield code="c">-1907.</subfield></datafield><datafield ind1=" " ind2=" " tag="300"><subfield code="a">10 v.</subfield></datafield><datafield ind1=" " ind2=" " tag="310"><subfield code="a">Weekly</subfield></datafield><datafield ind1="0" ind2=" " tag="362"><subfield code="a">-v. 10, no. 46 (July 6, 1907).</subfield></datafield><datafield ind1="1" ind2=" " tag="362"><subfield code="a">Began with Sept. 9, 1897 issue.</subfield></datafield><datafield ind1=" " ind2=" " tag="530"><subfield code="a">Available on microfilm from New York State Library.</subfield></datafield><datafield ind1=" " ind2=" " tag="588"><subfield code="a">Description based on: Vol. 1, no. 3 (Sept. 23, 1897).</subfield></datafield><datafield ind1=" " ind2="4" tag="651"><subfield code="a">Ravena (N.Y.)</subfield><subfield code="v">Newspapers.</subfield></datafield><datafield ind1=" " ind2=" " tag="752"><subfield code="a">United States</subfield><subfield code="b">New York</subfield><subfield code="c">Albany</subfield><subfield code="d">Ravena.</subfield></datafield><datafield ind1="0" ind2="7" tag="785"><subfield code="t">Coeymans herald</subfield><subfield code="w">(DLC)sn 83031270</subfield></datafield><datafield ind1="0" ind2="7" tag="785"><subfield code="t">News-herald (Coeymans, N.Y.)</subfield><subfield code="w">(DLC)sn 84031163</subfield></datafield></record>